@article{shimbel1953structural,
  title={Structural parameters of communication networks},
  author={Shimbel, Alfonso},
  journal={The bulletin of mathematical biophysics},
  volume={15},
  number={4},
  pages={501--507},
  year={1953},
  publisher={Springer}
}
